
% Recuerde que hay que citar estas entradas en el documento para que aparezcan en la bibliografía. e.g. \cite{schwab2002cure}

% Recuerde NO reemplazar los "and" por "y" en los campos de author, ¡Puesto que "and" es una palabra clave para separarlos!

@article{phenomenon,
    author =       "Rouse, W.",
    title =        "Modeling and Visualization of Complex Systems and Enterprises",
    journal =      "Explorations of Physical, Human, Economic, and Social Phenomena",
    pages =        "61–82",
    year =         "2015",
    DOI =          "doi:10.1002/9781118982747.ch4"
}
@article{quake,
    author =       "Lomnitz, C.",
    title =        "Major Earthquakes of Chile: A Historical Survey, 1535-1960",
    journal =      "Seismological Research Letters",
    volume = "75",
    number = "3",
    pages =        "368–378",
    year =         "2004",
    DOI =          "doi:10.1785/gssrl.75.3.368"
}
@article{gpu,
    author =       "Cohen, J and Garland, M",
    title =        "Solving Computational Problems with GPU Computing",
    journal =      "Novel Architectures",
    volume = "11",
    number = "5",
    pages =        "58–63",
    year =         "2009",
    DOI =          "doi:10.1109/mcse.2009.144 "
}

@misc{rocm,
    author = "AMD",
    title = "Welcome to AMD ROCm Platform",
    howpublished = {https://rocmdocs.amd.com/en/latest/},
    note = {Online revisado el 22 de noviembre de 2020},
    year = 2020,
}
@article{biblia,
    author =       "Salinas, Á and Torres, C and Ayala, O",
    title =        "Well-balanced open boundary condition in a lattice Boltzmann model for shallow water with arbitrary bathymetry",
    journal =      "Computer Physics Communications",
    volume = "230",
    pages =        "89-98",
    year =         "2018",
    DOI =          "doi:10.1016/j.cpc.2018.04.021"
}
@article{bgk,
    author =       "P.L. Bhatnagar and E.P. Gross and M. Kroo",
    title =        "A Model for Collision Processes in Gases. I. Small Amplitude Processes in Charged and Neutral One-Component Systems",
    journal =      "Physical Review",
    volume = "94",
    number = "3",
    pages =        "511–525",
    year =         "1954",
    DOI =          "doi:10.1103/PhysRev.94.511"
}
@article{gpuev,
    author =       "André R. Brodtkorb and Trond R. Hagen; Martin L. Sætra",
    title =        "Graphics processing unit (GPU) programming strategies and trends in GPU computing",
    journal =      "J. Parallel Distrib. Comput.",
    volume = "73",
    number = "1",
    pages =        "4–13",
    year =         "2013",
    DOI =          "doi:10.1016/j.jpdc.2012.04.003"
}

@article{rocm2016,
  author  = {Moor Insights & Strategy}, 
  title   = {AMD ROCm Helps Accelerate HPC \& Deep Learning},
  year    = 2016,
}

@article{svd,
author = {Dong, Tingxing and Haidar, Azzam and Tomov, Stanimire and Dongarra, Jack},
year = {2018},
month = {02},
pages = {},
title = {Accelerating the SVD Bidiagonalization of a Batch of Small Matrices using GPUs},
volume = {26},
journal = {Journal of Computational Science},
doi = {10.1016/j.jocs.2018.01.007}
}

@article{fast,
author = {Smistad, Erik and Østvik, Andreas and Pedersen, André},
year = {2019},
month = {09},
pages = {1-1},
title = {High Performance Neural Network Inference, Streaming, and Visualization of Medical Images Using FAST},
volume = {PP},
journal = {IEEE Access},
doi = {10.1109/ACCESS.2019.2942441}
}

@article{molecular,
author = {Kuznetsov, Evgeny and Kondratyuk, Nikolay and Logunov, Mikhail and Nikolskiy, Vsevolod and Stegailov, Vladimir},
year = {2020},
month = {03},
pages = {324-334},
title = {Performance and Portability of State-of-Art Molecular Dynamics Software on Modern GPUs},
isbn = {978-3-030-43228-7},
doi = {10.1007/978-3-030-43229-4_28},
journal = "Lecture Notes in Computer Science"
}

@article{pytorch,
  author =	{Nathan Otterness and James H. Anderson},
  title =	{{AMD GPUs as an Alternative to NVIDIA for Supporting Real-Time Workloads}},
  booktitle =	{32nd Euromicro Conference on Real-Time Systems (ECRTS 2020)},
  pages =	{10:1--10:23},
  journal =	{Leibniz International Proceedings in Informatics (LIPIcs)},
  ISBN =	{978-3-95977-152-8},
  ISSN =	{1868-8969},
  year =	{2020},
  volume =	{165},
  editor =	{Marcus V{\"o}lp},
  publisher =	{Schloss Dagstuhl--Leibniz-Zentrum f{\"u}r Informatik},
  address =	{Dagstuhl, Germany},
  URL =		{https://drops.dagstuhl.de/opus/volltexte/2020/12373},
  URN =		{urn:nbn:de:0030-drops-123732},
  doi =		{10.4230/LIPIcs.ECRTS.2020.10},
  annote =	{Keywords: real-time systems, graphics processing units, parallel computing}
}

@misc{nwhitepaper,
author = {Nvidia},
year = {2014},
pages = {1-11},
title = {NVIDIA GeForce GTX 750Ti: Featuring First-Generation Maxwell GPU Technology, Designed for Extreme Performance per Watt},
}


@techreport{awhitepaper,
institution = {Advanced Micro Devices, Inc},
author = "AMD",
year = {2016},
address = "Santa Clara, California",
number = "",
pages = {1-22},
title = {RADEON: Disecting the Polaris Architecture.},
}

@misc{vulkan,
    author = "Vulkan",
    title = "Maximum Flexibility and Performance: Cross Platform 3D Graphics",
    howpublished = {https://www.vulkan.org},
    note = {Online, revisado el 13 de agosto de 2021},
    year=2021,
}
@misc{directx,
    author = "Harish Jonnalagadda",
    title = "What is DirectX, and why does it matter for gaming?",
    howpublished = {https://www.windowscentral.com/what-directx-why-does-matter-gaming},
    note = {Online, revisado el 13 de agosto de 2021},
    year=2020,
    month=Julio,
    day=14
}

% https://www.amd.com/es/technologies/radeon-boost

@article{simt,
author = {Michael J. Flynn},
year = {1966},
month = {12},
pages = {1901-1909},
title = {Very high-speed computing systems},
volume = {54 (12)},
journal = {Proceedings of the IEEE},
doi = {doi:10.1109/PROC.1966.5273}
}

@misc{samples,
    author = "NVIDIA",
    title = "CUDA Toolkit 11.2 Downloads",
    howpublished = {https://developer.nvidia.com/cuda-11.2.0-download-archive},
    note = {Online, revisado en diciembre de 2020},
    year=2020,
    month=Diciembre,
}

@misc{openS,
    author = "AMD",
    title = "Github - ROCm Software Platform Repository",
    howpublished = {https://github.com/ROCmSoftwarePlatform},
    note = {Online, revisado en diciembre de 2020},
    year=2020,
    month=Diciembre,
}

@article{paperB,
    author =       "Álvaro Salinas, Claudio Torres, Orlando Ayala",
    title =        "Well-balanced open boundary condition in a lattice Boltzmann model for shallow water with arbitrary bathymetry",
    journal =      "Computer Physics Communications",
    volume = "230",
    pages =        "89-98",
    year =         "2018",
    DOI =          "doi:10.1016/j.cpc.2018.04.021"
}

@mastersthesis{thesisB,
    author =       "Álvaro Salinas",
    title =        "A High Performance GPU Implemntation of the Lattice Boltzmann Method with Open Boundary Conditions for Solving the Shallow Water Equations in Real Scenarios",
    type = "MSc",
    address = "Av. España 1680, Valparaíso",
    school = "Universidad Técnica Federico Santa María",
    year = "2018",
    month = "Agosto",
    
}

@misc{gtx960M,
    author = "NVIDIA",
    title = "GeForce GTX 960M",
    howpublished = {https://www.nvidia.com/en-us/geforce/gaming-laptops/geforce-gtx-960m/},
    note = {Online, revisado en agosto de 2021},
    year = "2016"
}

@misc{support,
    author = "AMD",
    title = "HIP-Supported CUDA API Reference Guide",
    note = {Online, revisado en agosto de 2021},
    month = "Agosto",
    year = "2021",
}

@misc{supportGPU,
    author = "AMD",
    title = "AMD ROCm™ v4.3 Release Notes",
    howpublished = {https://github.com/RadeonOpenCompute/ROCm},
    note = {Online, revisado en agosto de 2021},
    year = "2021"
}

@misc{HIP,
    author = "AMD",
    title = "HIPIFY",
    howpublished = {\url{https://github.com/ROCm-Developer-Tools/HIPIFY}},
    note = {Online, revisado en agosto de 2021},
    year = "2021"
}

@misc{bank,
    author = "NVIDIA",
    title = "Using Shared Memory in CUDA C/C++",
    howpublished = {\url{https://developer.nvidia.com/blog/using-shared-memory-cuda-cc/}},
    note = {Online, revisado en agosto de 2021},
    year = "2013"
}



@inproceedings{arch,
author = {Lounis, Massinissa and Bounceur, Ahcène and Laga, Arezki and Pottier, B.},
year = {2015},
month = {06},
pages = {290-295},
title = {GPU-based parallel computing of energy consumption in wireless sensor networks},
doi = {10.1109/EuCNC.2015.7194086},
booktitle = "2015 European Conference on Networks and Communications (EuCNC)"
}

@misc{matrixM,
    author = "Luc Waeijen",
    title = "Matrix Multiplication CUDA",
    howpublished = {\url{https://ecatue.gitlab.io/gpu2018/pages/Cookbook/matrix_multiplication_cuda.html}},
    note = {Online, revisado en abril de 2021},
    year = "2018"
}

